%YAML 1.1
%TAG !u! tag:unity3d.com,2011:
--- !u!1 &6939001855857410502
GameObject:
  m_ObjectHideFlags: 0
  m_CorrespondingSourceObject: {fileID: 0}
  m_PrefabInstance: {fileID: 0}
  m_PrefabAsset: {fileID: 0}
  serializedVersion: 6
  m_Component:
  - component: {fileID: 2481573637708721917}
  m_Layer: 0
  m_Name: Triplex
  m_TagString: Untagged
  m_Icon: {fileID: 0}
  m_NavMeshLayer: 0
  m_StaticEditorFlags: 0
  m_IsActive: 1
--- !u!4 &2481573637708721917
Transform:
  m_ObjectHideFlags: 0
  m_CorrespondingSourceObject: {fileID: 0}
  m_PrefabInstance: {fileID: 0}
  m_PrefabAsset: {fileID: 0}
  m_GameObject: {fileID: 6939001855857410502}
  m_LocalRotation: {x: 0, y: 0, z: 0, w: 1}
  m_LocalPosition: {x: -0.73413086, y: 3.75, z: 1.6113281}
  m_LocalScale: {x: 1, y: 1, z: 1}
  m_Children:
  - {fileID: 9117072560196072113}
  - {fileID: 1331483788003271091}
  - {fileID: 1331483786986163574}
  m_Father: {fileID: 0}
  m_RootOrder: 0
  m_LocalEulerAnglesHint: {x: 0, y: 0, z: 0}
--- !u!1001 &141251720266672309
PrefabInstance:
  m_ObjectHideFlags: 0
  serializedVersion: 2
  m_Modification:
    m_TransformParent: {fileID: 2481573637708721917}
    m_Modifications:
    - target: {fileID: 3732859278855909462, guid: b41d4773937e45a4d85c781db3b475f1,
        type: 3}
      propertyPath: m_Name
      value: StairCase
      objectReference: {fileID: 0}
    - target: {fileID: 9183836350176745988, guid: b41d4773937e45a4d85c781db3b475f1,
        type: 3}
      propertyPath: m_LocalPosition.x
      value: 1.3703256
      objectReference: {fileID: 0}
    - target: {fileID: 9183836350176745988, guid: b41d4773937e45a4d85c781db3b475f1,
        type: 3}
      propertyPath: m_LocalPosition.y
      value: -1.1923456
      objectReference: {fileID: 0}
    - target: {fileID: 9183836350176745988, guid: b41d4773937e45a4d85c781db3b475f1,
        type: 3}
      propertyPath: m_LocalPosition.z
      value: 1.4970963
      objectReference: {fileID: 0}
    - target: {fileID: 9183836350176745988, guid: b41d4773937e45a4d85c781db3b475f1,
        type: 3}
      propertyPath: m_LocalRotation.x
      value: -0
      objectReference: {fileID: 0}
    - target: {fileID: 9183836350176745988, guid: b41d4773937e45a4d85c781db3b475f1,
        type: 3}
      propertyPath: m_LocalRotation.y
      value: -0
      objectReference: {fileID: 0}
    - target: {fileID: 9183836350176745988, guid: b41d4773937e45a4d85c781db3b475f1,
        type: 3}
      propertyPath: m_LocalRotation.z
      value: -0
      objectReference: {fileID: 0}
    - target: {fileID: 9183836350176745988, guid: b41d4773937e45a4d85c781db3b475f1,
        type: 3}
      propertyPath: m_LocalRotation.w
      value: 1
      objectReference: {fileID: 0}
    - target: {fileID: 9183836350176745988, guid: b41d4773937e45a4d85c781db3b475f1,
        type: 3}
      propertyPath: m_RootOrder
      value: 0
      objectReference: {fileID: 0}
    - target: {fileID: 9183836350176745988, guid: b41d4773937e45a4d85c781db3b475f1,
        type: 3}
      propertyPath: m_LocalEulerAnglesHint.x
      value: 0
      objectReference: {fileID: 0}
    - target: {fileID: 9183836350176745988, guid: b41d4773937e45a4d85c781db3b475f1,
        type: 3}
      propertyPath: m_LocalEulerAnglesHint.y
      value: 0
      objectReference: {fileID: 0}
    - target: {fileID: 9183836350176745988, guid: b41d4773937e45a4d85c781db3b475f1,
        type: 3}
      propertyPath: m_LocalEulerAnglesHint.z
      value: 0
      objectReference: {fileID: 0}
    - target: {fileID: 7853213711264378512, guid: b41d4773937e45a4d85c781db3b475f1,
        type: 3}
      propertyPath: m_Mesh
      value: 
      objectReference: {fileID: 0}
    - target: {fileID: 7853213711264378517, guid: b41d4773937e45a4d85c781db3b475f1,
        type: 3}
      propertyPath: m_Mesh
      value: 
      objectReference: {fileID: 0}
    - target: {fileID: 7853213711198347549, guid: b41d4773937e45a4d85c781db3b475f1,
        type: 3}
      propertyPath: m_Mesh
      value: 
      objectReference: {fileID: 0}
    - target: {fileID: 7853213711198347555, guid: b41d4773937e45a4d85c781db3b475f1,
        type: 3}
      propertyPath: m_SelectedFaces.Array.size
      value: 2
      objectReference: {fileID: 0}
    - target: {fileID: 7853213711198347555, guid: b41d4773937e45a4d85c781db3b475f1,
        type: 3}
      propertyPath: m_SelectedEdges.Array.size
      value: 8
      objectReference: {fileID: 0}
    - target: {fileID: 7853213711198347555, guid: b41d4773937e45a4d85c781db3b475f1,
        type: 3}
      propertyPath: m_SelectedVertices.Array.size
      value: 8
      objectReference: {fileID: 0}
    - target: {fileID: 7853213711198347555, guid: b41d4773937e45a4d85c781db3b475f1,
        type: 3}
      propertyPath: m_SelectedFaces.Array.data[1]
      value: 4
      objectReference: {fileID: 0}
    - target: {fileID: 7853213711198347555, guid: b41d4773937e45a4d85c781db3b475f1,
        type: 3}
      propertyPath: m_SelectedEdges.Array.data[4].a
      value: 16
      objectReference: {fileID: 0}
    - target: {fileID: 7853213711198347555, guid: b41d4773937e45a4d85c781db3b475f1,
        type: 3}
      propertyPath: m_SelectedEdges.Array.data[4].b
      value: 17
      objectReference: {fileID: 0}
    - target: {fileID: 7853213711198347555, guid: b41d4773937e45a4d85c781db3b475f1,
        type: 3}
      propertyPath: m_SelectedEdges.Array.data[5].a
      value: 18
      objectReference: {fileID: 0}
    - target: {fileID: 7853213711198347555, guid: b41d4773937e45a4d85c781db3b475f1,
        type: 3}
      propertyPath: m_SelectedEdges.Array.data[5].b
      value: 16
      objectReference: {fileID: 0}
    - target: {fileID: 7853213711198347555, guid: b41d4773937e45a4d85c781db3b475f1,
        type: 3}
      propertyPath: m_SelectedEdges.Array.data[6].a
      value: 17
      objectReference: {fileID: 0}
    - target: {fileID: 7853213711198347555, guid: b41d4773937e45a4d85c781db3b475f1,
        type: 3}
      propertyPath: m_SelectedEdges.Array.data[6].b
      value: 19
      objectReference: {fileID: 0}
    - target: {fileID: 7853213711198347555, guid: b41d4773937e45a4d85c781db3b475f1,
        type: 3}
      propertyPath: m_SelectedEdges.Array.data[7].a
      value: 19
      objectReference: {fileID: 0}
    - target: {fileID: 7853213711198347555, guid: b41d4773937e45a4d85c781db3b475f1,
        type: 3}
      propertyPath: m_SelectedEdges.Array.data[7].b
      value: 18
      objectReference: {fileID: 0}
    - target: {fileID: 7853213711198347555, guid: b41d4773937e45a4d85c781db3b475f1,
        type: 3}
      propertyPath: m_SelectedVertices.Array.data[4]
      value: 16
      objectReference: {fileID: 0}
    - target: {fileID: 7853213711198347555, guid: b41d4773937e45a4d85c781db3b475f1,
        type: 3}
      propertyPath: m_SelectedVertices.Array.data[5]
      value: 17
      objectReference: {fileID: 0}
    - target: {fileID: 7853213711198347555, guid: b41d4773937e45a4d85c781db3b475f1,
        type: 3}
      propertyPath: m_SelectedVertices.Array.data[6]
      value: 18
      objectReference: {fileID: 0}
    - target: {fileID: 7853213711198347555, guid: b41d4773937e45a4d85c781db3b475f1,
        type: 3}
      propertyPath: m_SelectedVertices.Array.data[7]
      value: 19
      objectReference: {fileID: 0}
    - target: {fileID: 7853213711198347554, guid: b41d4773937e45a4d85c781db3b475f1,
        type: 3}
      propertyPath: m_Mesh
      value: 
      objectReference: {fileID: 0}
    - target: {fileID: 7912524276892816231, guid: b41d4773937e45a4d85c781db3b475f1,
        type: 3}
      propertyPath: m_Mesh
      value: 
      objectReference: {fileID: 0}
    - target: {fileID: 7912524276892816226, guid: b41d4773937e45a4d85c781db3b475f1,
        type: 3}
      propertyPath: m_Mesh
      value: 
      objectReference: {fileID: 0}
    - target: {fileID: 2612802455971442303, guid: b41d4773937e45a4d85c781db3b475f1,
        type: 3}
      propertyPath: m_Mesh
      value: 
      objectReference: {fileID: 0}
    - target: {fileID: 1724284729219504250, guid: b41d4773937e45a4d85c781db3b475f1,
        type: 3}
      propertyPath: m_Mesh
      value: 
      objectReference: {fileID: 0}
    - target: {fileID: 3416896620738174878, guid: b41d4773937e45a4d85c781db3b475f1,
        type: 3}
      propertyPath: m_Mesh
      value: 
      objectReference: {fileID: 0}
    - target: {fileID: 2268970739822233698, guid: b41d4773937e45a4d85c781db3b475f1,
        type: 3}
      propertyPath: m_Mesh
      value: 
      objectReference: {fileID: 0}
    - target: {fileID: 6981849738176834072, guid: b41d4773937e45a4d85c781db3b475f1,
        type: 3}
      propertyPath: m_Mesh
      value: 
      objectReference: {fileID: 0}
    - target: {fileID: 5832938709605416420, guid: b41d4773937e45a4d85c781db3b475f1,
        type: 3}
      propertyPath: m_Mesh
      value: 
      objectReference: {fileID: 0}
    m_RemovedComponents: []
  m_SourcePrefab: {fileID: 100100000, guid: b41d4773937e45a4d85c781db3b475f1, type: 3}
--- !u!4 &9117072560196072113 stripped
Transform:
  m_CorrespondingSourceObject: {fileID: 9183836350176745988, guid: b41d4773937e45a4d85c781db3b475f1,
    type: 3}
  m_PrefabInstance: {fileID: 141251720266672309}
  m_PrefabAsset: {fileID: 0}
--- !u!1001 &7857070456989964146
PrefabInstance:
  m_ObjectHideFlags: 0
  serializedVersion: 2
  m_Modification:
    m_TransformParent: {fileID: 2481573637708721917}
    m_Modifications:
    - target: {fileID: 3732859278855909462, guid: b41d4773937e45a4d85c781db3b475f1,
        type: 3}
      propertyPath: m_Name
      value: StairCase (2)
      objectReference: {fileID: 0}
    - target: {fileID: 9183836350176745988, guid: b41d4773937e45a4d85c781db3b475f1,
        type: 3}
      propertyPath: m_LocalPosition.x
      value: 1.3703256
      objectReference: {fileID: 0}
    - target: {fileID: 9183836350176745988, guid: b41d4773937e45a4d85c781db3b475f1,
        type: 3}
      propertyPath: m_LocalPosition.y
      value: 3.6399999
      objectReference: {fileID: 0}
    - target: {fileID: 9183836350176745988, guid: b41d4773937e45a4d85c781db3b475f1,
        type: 3}
      propertyPath: m_LocalPosition.z
      value: 1.4970963
      objectReference: {fileID: 0}
    - target: {fileID: 9183836350176745988, guid: b41d4773937e45a4d85c781db3b475f1,
        type: 3}
      propertyPath: m_LocalRotation.x
      value: -0
      objectReference: {fileID: 0}
    - target: {fileID: 9183836350176745988, guid: b41d4773937e45a4d85c781db3b475f1,
        type: 3}
      propertyPath: m_LocalRotation.y
      value: -0
      objectReference: {fileID: 0}
    - target: {fileID: 9183836350176745988, guid: b41d4773937e45a4d85c781db3b475f1,
        type: 3}
      propertyPath: m_LocalRotation.z
      value: -0
      objectReference: {fileID: 0}
    - target: {fileID: 9183836350176745988, guid: b41d4773937e45a4d85c781db3b475f1,
        type: 3}
      propertyPath: m_LocalRotation.w
      value: 1
      objectReference: {fileID: 0}
    - target: {fileID: 9183836350176745988, guid: b41d4773937e45a4d85c781db3b475f1,
        type: 3}
      propertyPath: m_RootOrder
      value: 2
      objectReference: {fileID: 0}
    - target: {fileID: 9183836350176745988, guid: b41d4773937e45a4d85c781db3b475f1,
        type: 3}
      propertyPath: m_LocalEulerAnglesHint.x
      value: 0
      objectReference: {fileID: 0}
    - target: {fileID: 9183836350176745988, guid: b41d4773937e45a4d85c781db3b475f1,
        type: 3}
      propertyPath: m_LocalEulerAnglesHint.y
      value: 0
      objectReference: {fileID: 0}
    - target: {fileID: 9183836350176745988, guid: b41d4773937e45a4d85c781db3b475f1,
        type: 3}
      propertyPath: m_LocalEulerAnglesHint.z
      value: 0
      objectReference: {fileID: 0}
    - target: {fileID: 7853213711264378512, guid: b41d4773937e45a4d85c781db3b475f1,
        type: 3}
      propertyPath: m_Mesh
      value: 
      objectReference: {fileID: 0}
    - target: {fileID: 7853213711264378517, guid: b41d4773937e45a4d85c781db3b475f1,
        type: 3}
      propertyPath: m_Mesh
      value: 
      objectReference: {fileID: 0}
    - target: {fileID: 7853213711198347549, guid: b41d4773937e45a4d85c781db3b475f1,
        type: 3}
      propertyPath: m_Mesh
      value: 
      objectReference: {fileID: 0}
    - target: {fileID: 7853213711198347554, guid: b41d4773937e45a4d85c781db3b475f1,
        type: 3}
      propertyPath: m_Mesh
      value: 
      objectReference: {fileID: 0}
    - target: {fileID: 7912524276892816231, guid: b41d4773937e45a4d85c781db3b475f1,
        type: 3}
      propertyPath: m_Mesh
      value: 
      objectReference: {fileID: 0}
    - target: {fileID: 7912524276892816226, guid: b41d4773937e45a4d85c781db3b475f1,
        type: 3}
      propertyPath: m_Mesh
      value: 
      objectReference: {fileID: 0}
    - target: {fileID: 2612802455971442303, guid: b41d4773937e45a4d85c781db3b475f1,
        type: 3}
      propertyPath: m_Mesh
      value: 
      objectReference: {fileID: 0}
    - target: {fileID: 1724284729219504250, guid: b41d4773937e45a4d85c781db3b475f1,
        type: 3}
      propertyPath: m_Mesh
      value: 
      objectReference: {fileID: 0}
    - target: {fileID: 3416896620738174878, guid: b41d4773937e45a4d85c781db3b475f1,
        type: 3}
      propertyPath: m_Mesh
      value: 
      objectReference: {fileID: 0}
    - target: {fileID: 2268970739822233698, guid: b41d4773937e45a4d85c781db3b475f1,
        type: 3}
      propertyPath: m_Mesh
      value: 
      objectReference: {fileID: 0}
    - target: {fileID: 6981849738176834072, guid: b41d4773937e45a4d85c781db3b475f1,
        type: 3}
      propertyPath: m_Mesh
      value: 
      objectReference: {fileID: 0}
    - target: {fileID: 5832938709605416420, guid: b41d4773937e45a4d85c781db3b475f1,
        type: 3}
      propertyPath: m_Mesh
      value: 
      objectReference: {fileID: 0}
    m_RemovedComponents: []
  m_SourcePrefab: {fileID: 100100000, guid: b41d4773937e45a4d85c781db3b475f1, type: 3}
--- !u!4 &1331483786986163574 stripped
Transform:
  m_CorrespondingSourceObject: {fileID: 9183836350176745988, guid: b41d4773937e45a4d85c781db3b475f1,
    type: 3}
  m_PrefabInstance: {fileID: 7857070456989964146}
  m_PrefabAsset: {fileID: 0}
--- !u!1001 &7857070458124549047
PrefabInstance:
  m_ObjectHideFlags: 0
  serializedVersion: 2
  m_Modification:
    m_TransformParent: {fileID: 2481573637708721917}
    m_Modifications:
    - target: {fileID: 3732859278855909462, guid: b41d4773937e45a4d85c781db3b475f1,
        type: 3}
      propertyPath: m_Name
      value: StairCase (1)
      objectReference: {fileID: 0}
    - target: {fileID: 9183836350176745988, guid: b41d4773937e45a4d85c781db3b475f1,
        type: 3}
      propertyPath: m_LocalPosition.x
      value: 0.35413086
      objectReference: {fileID: 0}
    - target: {fileID: 9183836350176745988, guid: b41d4773937e45a4d85c781db3b475f1,
        type: 3}
      propertyPath: m_LocalPosition.y
      value: 1.21
      objectReference: {fileID: 0}
    - target: {fileID: 9183836350176745988, guid: b41d4773937e45a4d85c781db3b475f1,
        type: 3}
      propertyPath: m_LocalPosition.z
      value: 0.3686719
      objectReference: {fileID: 0}
    - target: {fileID: 9183836350176745988, guid: b41d4773937e45a4d85c781db3b475f1,
        type: 3}
      propertyPath: m_LocalRotation.x
      value: -0
      objectReference: {fileID: 0}
    - target: {fileID: 9183836350176745988, guid: b41d4773937e45a4d85c781db3b475f1,
        type: 3}
      propertyPath: m_LocalRotation.y
      value: 1
      objectReference: {fileID: 0}
    - target: {fileID: 9183836350176745988, guid: b41d4773937e45a4d85c781db3b475f1,
        type: 3}
      propertyPath: m_LocalRotation.z
      value: -0
      objectReference: {fileID: 0}
    - target: {fileID: 9183836350176745988, guid: b41d4773937e45a4d85c781db3b475f1,
        type: 3}
      propertyPath: m_LocalRotation.w
      value: 0
      objectReference: {fileID: 0}
    - target: {fileID: 9183836350176745988, guid: b41d4773937e45a4d85c781db3b475f1,
        type: 3}
      propertyPath: m_RootOrder
      value: 1
      objectReference: {fileID: 0}
    - target: {fileID: 9183836350176745988, guid: b41d4773937e45a4d85c781db3b475f1,
        type: 3}
      propertyPath: m_LocalEulerAnglesHint.x
      value: 0
      objectReference: {fileID: 0}
    - target: {fileID: 9183836350176745988, guid: b41d4773937e45a4d85c781db3b475f1,
        type: 3}
      propertyPath: m_LocalEulerAnglesHint.y
      value: 180
      objectReference: {fileID: 0}
    - target: {fileID: 9183836350176745988, guid: b41d4773937e45a4d85c781db3b475f1,
        type: 3}
      propertyPath: m_LocalEulerAnglesHint.z
      value: 0
      objectReference: {fileID: 0}
    - target: {fileID: 7853213711264378512, guid: b41d4773937e45a4d85c781db3b475f1,
        type: 3}
      propertyPath: m_Mesh
      value: 
      objectReference: {fileID: 0}
    - target: {fileID: 7853213711264378517, guid: b41d4773937e45a4d85c781db3b475f1,
        type: 3}
      propertyPath: m_Mesh
      value: 
      objectReference: {fileID: 0}
    - target: {fileID: 7853213711198347549, guid: b41d4773937e45a4d85c781db3b475f1,
        type: 3}
      propertyPath: m_Mesh
      value: 
      objectReference: {fileID: 0}
    - target: {fileID: 7853213711198347554, guid: b41d4773937e45a4d85c781db3b475f1,
        type: 3}
      propertyPath: m_Mesh
      value: 
      objectReference: {fileID: 0}
    - target: {fileID: 7912524276892816231, guid: b41d4773937e45a4d85c781db3b475f1,
        type: 3}
      propertyPath: m_Mesh
      value: 
      objectReference: {fileID: 0}
    - target: {fileID: 7912524276892816226, guid: b41d4773937e45a4d85c781db3b475f1,
        type: 3}
      propertyPath: m_Mesh
      value: 
      objectReference: {fileID: 0}
    - target: {fileID: 2612802455971442303, guid: b41d4773937e45a4d85c781db3b475f1,
        type: 3}
      propertyPath: m_Mesh
      value: 
      objectReference: {fileID: 0}
    - target: {fileID: 1724284729219504250, guid: b41d4773937e45a4d85c781db3b475f1,
        type: 3}
      propertyPath: m_Mesh
      value: 
      objectReference: {fileID: 0}
    - target: {fileID: 3416896620738174878, guid: b41d4773937e45a4d85c781db3b475f1,
        type: 3}
      propertyPath: m_Mesh
      value: 
      objectReference: {fileID: 0}
    - target: {fileID: 2268970739822233698, guid: b41d4773937e45a4d85c781db3b475f1,
        type: 3}
      propertyPath: m_Mesh
      value: 
      objectReference: {fileID: 0}
    - target: {fileID: 6981849738176834072, guid: b41d4773937e45a4d85c781db3b475f1,
        type: 3}
      propertyPath: m_Mesh
      value: 
      objectReference: {fileID: 0}
    - target: {fileID: 5832938709605416420, guid: b41d4773937e45a4d85c781db3b475f1,
        type: 3}
      propertyPath: m_Mesh
      value: 
      objectReference: {fileID: 0}
    m_RemovedComponents: []
  m_SourcePrefab: {fileID: 100100000, guid: b41d4773937e45a4d85c781db3b475f1, type: 3}
--- !u!4 &1331483788003271091 stripped
Transform:
  m_CorrespondingSourceObject: {fileID: 9183836350176745988, guid: b41d4773937e45a4d85c781db3b475f1,
    type: 3}
  m_PrefabInstance: {fileID: 7857070458124549047}
  m_PrefabAsset: {fileID: 0}
